@online{macrumors2016,
  author    = {MacRumors Staff},
  title     = {Celebration' Apple-1 Sells for \$815,000 at Auction, Rare Prototype Still Functional},
  year      = {2016},
  url       = {https://www.macrumors.com/2016/08/25/celebration-apple-1-sells-for-815000/},
  note      = {Dostęp: 15 listopada 2024},
}

@online{ithardware2024,
  author    = {ITHardware.pl},
  title     = {Kultowy procesor wycofywany z rynku po blisko 50 latach},
  year      = {2024},
  url       = {https://ithardware.pl/aktualnosci/kultowy_procesor_wycofywany_z_rynku_po_blisko_50_latach-32666.html},
  note      = {Dostęp: 28 listopada 2024},
}

@online{wikipedia6502,
  author    = {Wikipedia Contributors},
  title     = {MOS Technology 6502},
  year      = {1975},
  url       = {https://en.wikipedia.org/wiki/MOS_Technology_6502#/media/File:MOS_6501_6502_Ad_Sept_1975.jpg},
  note      = {Dostęp: 28 listopada 2024, obraz reklamowy ukazujący MOS 6502},
}

@online{statusregisterARm,
 author     = {},
 title      = {COMPUTE! ISSUE 53 / OCTOBER 1984 / PAGE 134},
 year       = {1984},
 url        = {https://www.atarimagazines.com/compute/issue53/047_1_All_About_The_Status_Register.php},
 note       = {Dostęp: 2 grudnia 2024},
}

@book{atack1993,
  author    = {Carol Atack and Alex van Someren},
  title     = {The ARM RISC Chip: A Programmers' Guide},
  year      = {1993},
  publisher = {Addison-Wesley},
}

@misc{wikipedia6502,
  author    = {Wikipedia contributors},
  title     = {MOS Technology 6502},
  year      = {2024},
  url       = {https://pl.wikipedia.org/wiki/MOS_Technology_6502#/media/Plik:MOS_6502AD_4585_top.jpg},
  note      = {Dostęp: 4 grudnia 2024},
}

@article{sander_cederlof_6502,
  author       = {Bob Sander-Cederlof},
  title        = {6502 Programming Model},
  journal      = {Apple Assembly Line},
  month        = {May},
  year         = {1981},
  url          = {http://txbobsc.com/aal/1981/aal8105.html#a4},
  note         = {Accessed: December 2024}
}